@article{oller:2020:arXiv,
  title={Analyzing Reinforcement Learning Benchmarks with Random Weight Guessing},
  author={Oller, Declan and Glasmachers, Tobias and Cuccu, Giuseppe},
  journal={arXiv preprint arXiv:2004.07707},
  year={2020}
}

@book{aggarwal:2018:Springer,
  title={Neural networks and deep learning},
  author={Aggarwal, Charu C},
  year={2018},
  publisher={Springer}
}

@misc{MountainCar,
  title = {MountainCar Description} ,
  howpublished = {\url{https://github.com/openai/gym/wiki/MountainCar-v0}}
}

@article{ferrante:2015:PLoSCB,
  title={Evolution of self-organized task specialization in robot swarms},
  author={Ferrante, Eliseo and Turgut, Ali Emre and Du{\'e}{\~n}ez-Guzm{\'a}n, Edgar and Dorigo, Marco and Wenseleers, Tom},
  journal={PLoS Comput Biol},
  volume={11},
  number={8},
  pages={e1004273},
  year={2015},
  publisher={Public Library of Science}
}

