@inproceedings{oller:AAMAS:2020,
  title={Analyzing Reinforcement Learning Benchmarks with Random Weight Guessing},
  author={Oller, Declan and Glasmachers, Tobias and Cuccu, Giuseppe},
  booktitle={Proceedings of the 19th International Conference on Autonomous Agents and MultiAgent Systems},
  pages={975--982},
  year={2020}
}

@article{Silva:EC:2016,
  title={Open issues in evolutionary robotics},
  author={Silva, Fernando and Duarte, Miguel and Correia, Lu{\'\i}s and Oliveira, Sancho Moura and Christensen, Anders Lyhne},
  journal={Evolutionary computation},
  volume={24},
  number={2},
  pages={205--236},
  year={2016},
  publisher={MIT Press}
}

@article{Wei:ALR:2019,
  title={Autonomous task allocation by artificial evolution for robotic swarms in complex tasks},
  author={Wei, Yufei and Hiraga, Motoaki and Ohkura, Kazuhiro and Car, Zlatan},
  journal={Artificial Life and Robotics},
  volume={24},
  number={1},
  pages={127--134},
  year={2019},
  publisher={Springer}
}

@article{ferrante:PLoSCB:2015,
  title={Evolution of self-organized task specialization in robot swarms},
  author={Ferrante, Eliseo and Turgut, Ali Emre and Du{\'e}{\~n}ez-Guzm{\'a}n, Edgar and Dorigo, Marco and Wenseleers, Tom},
  journal={PLoS Comput Biol},
  volume={11},
  number={8},
  pages={e1004273},
  year={2015},
  publisher={Public Library of Science}
}

@article{nitschke:SEC:2012,
  title={Evolving behavioral specialization in robot teams to solve a collective construction task},
  author={Nitschke, Geoff S and Schut, Martijn C and Eiben, AE},
  journal={Swarm and Evolutionary Computation},
  volume={2},
  pages={25--38},
  year={2012},
  publisher={Elsevier}
}

@article{li:AB:2004,
  title={Learning and measuring specialization in collaborative swarm systems},
  author={Li, Ling and Martinoli, Alcherio and Abu-Mostafa, Yaser S},
  journal={Adaptive Behavior},
  volume={12},
  number={3-4},
  pages={199--212},
  year={2004},
  publisher={Sage Publications Sage CA: Thousand Oaks, CA}
}

@article{odonnell:BES:1990,
  title={Forager specialization and the control of nest repair in Polybia occidentalis Olivier (Hymenoptera: Vespidae)},
  author={O'Donnell, Sean and Jeanne, Robert L},
  journal={Behavioral Ecology and Sociobiology},
  volume={27},
  number={5},
  pages={359--364},
  year={1990},
  publisher={Springer}
}

@article{gautrais:JTB:2002,
  title={Emergent polyethism as a consequence of increased colony size in insect societies},
  author={Gautrais, Jacques and Theraulaz, Guy and Deneubourg, Jean-Louis and Anderson, Carl},
  journal={Journal of theoretical biology},
  volume={215},
  number={3},
  pages={363--373},
  year={2002},
  publisher={Elsevier}
}

@article{pini:SI:2011,
  title={Task partitioning in swarms of robots: An adaptive method for strategy selection},
  author={Pini, Giovanni and Brutschy, Arne and Frison, Marco and Roli, Andrea and Dorigo, Marco and Birattari, Mauro},
  journal={Swarm Intelligence},
  volume={5},
  number={3-4},
  pages={283--304},
  year={2011},
  publisher={Springer}
}

@inproceedings{pini:ICSI:2012,
  title={Multi-armed bandit formulation of the task partitioning problem in swarm robotics},
  author={Pini, Giovanni and Brutschy, Arne and Francesca, Gianpiero and Dorigo, Marco and Birattari, Mauro},
  booktitle={International Conference on Swarm Intelligence},
  pages={109--120},
  year={2012},
  organization={Springer}
}

@article{gigliotta:Neurocomputing:2018,
  title={Equal but different: Task allocation in homogeneous communicating robots},
  author={Gigliotta, Onofrio},
  journal={Neurocomputing},
  volume={272},
  pages={3--9},
  year={2018},
  publisher={Elsevier}
}

@article{gomes:IEEETR:2017,
  title={Dynamic team heterogeneity in cooperative coevolutionary algorithms},
  author={Gomes, Jorge and Mariano, Pedro and Christensen, Anders Lyhne},
  journal={IEEE Transactions on Evolutionary Computation},
  volume={22},
  number={6},
  pages={934--948},
  year={2017},
  publisher={IEEE}
}

@article{risi:AB:2010,
  title={Evolving plastic neural networks with novelty search},
  author={Risi, Sebastian and Hughes, Charles E and Stanley, Kenneth O},
  journal={Adaptive Behavior},
  volume={18},
  number={6},
  pages={470--491},
  year={2010},
  publisher={Sage Publications Sage UK: London, England}
}

@article{sammon:IEEETR:1969,
  title={A nonlinear mapping for data structure analysis},
  author={Sammon, John W},
  journal={IEEE Transactions on computers},
  volume={100},
  number={5},
  pages={401--409},
  year={1969},
  publisher={Ieee}
}

@inproceedings{kim:GECCO:2003,
  title={New usage of sammonâ€™s mapping for genetic visualization},
  author={Kim, Yong-Hyuk and Moon, Byung-Ro},
  booktitle={Genetic and Evolutionary Computation Conference},
  pages={1136--1147},
  year={2003},
  organization={Springer}
}

@article{veerapen:GPEM:2018,
  title={Visualising the global structure of search landscapes: genetic improvement as a case study},
  author={Veerapen, Nadarajen and Ochoa, Gabriela},
  journal={Genetic programming and evolvable machines},
  volume={19},
  number={3},
  pages={317--349},
  year={2018},
  publisher={Springer}
}