@article{Silva:EC:2016,
  title={Open issues in evolutionary robotics},
  author={Silva, Fernando and Duarte, Miguel and Correia, Lu{\'\i}s and Oliveira, Sancho Moura and Christensen, Anders Lyhne},
  journal={Evolutionary computation},
  volume={24},
  number={2},
  pages={205--236},
  year={2016},
  publisher={MIT Press}
}

@article{Wei:ALR:2019,
  title={Autonomous task allocation by artificial evolution for robotic swarms in complex tasks},
  author={Wei, Yufei and Hiraga, Motoaki and Ohkura, Kazuhiro and Car, Zlatan},
  journal={Artificial Life and Robotics},
  volume={24},
  number={1},
  pages={127--134},
  year={2019},
  publisher={Springer}
}