@article{oller:AAMAS:2020,
  title={Analyzing Reinforcement Learning Benchmarks with Random Weight Guessing},
  author={Oller, Declan and Glasmachers, Tobias and Cuccu, Giuseppe},
  journal={arXiv preprint arXiv:2004.07707},
  year={2020}
}

@book{aggarwal:Springer:2018,
  title={Neural networks and deep learning},
  author={Aggarwal, Charu C},
  year={2018},
  publisher={Springer}
}

@misc{MountainCar,
  title = {MountainCar Description} ,
  author = {OpenAI},
  howpublished = {\url{https://github.com/openai/gym/wiki/MountainCar-v0}}
}

@article{ferrante:PLOS_CB:2015,
  title={Evolution of self-organized task specialization in robot swarms},
  author={Ferrante, Eliseo and Turgut, Ali Emre and Du{\'e}{\~n}ez-Guzm{\'a}n, Edgar and Dorigo, Marco and Wenseleers, Tom},
  journal={PLoS Computational Biology},
  volume={11},
  number={8},
  pages={e1004273},
  year={2015},
  publisher={Public Library of Science}
}

@article{pini:Swarm_Intelligence:2011,
  title={Task partitioning in swarms of robots: An adaptive method for strategy selection},
  author={Pini, Giovanni and Brutschy, Arne and Frison, Marco and Roli, Andrea and Dorigo, Marco and Birattari, Mauro},
  journal={Swarm Intelligence},
  volume={5},
  number={3-4},
  pages={283--304},
  year={2011},
  publisher={Springer}
}

@inproceedings{pini:ICSI:2012,
  title={Multi-armed bandit formulation of the task partitioning problem in swarm robotics},
  author={Pini, Giovanni and Brutschy, Arne and Francesca, Gianpiero and Dorigo, Marco and Birattari, Mauro},
  booktitle={International Conference on Swarm Intelligence},
  pages={109--120},
  year={2012},
  organization={Springer}
}

@article{waibel:Transactions:2009,
  title={Genetic team composition and level of selection in the evolution of cooperation},
  author={Waibel, Markus and Keller, Laurent and Floreano, Dario},
  journal={IEEE Transactions on Evolutionary Computation},
  volume={13},
  number={3},
  pages={648--660},
  year={2009},
  publisher={IEEE}
}

@article{stanley:MIT:2002,
  title={Evolving neural networks through augmenting topologies},
  author={Stanley, Kenneth O and Miikkulainen, Risto},
  journal={Evolutionary computation},
  volume={10},
  number={2},
  pages={99--127},
  year={2002},
  publisher={MIT Press}
}

