@article{ferrante:PLoSCB:2015,
  title={Evolution of self-organized task specialization in robot swarms},
  author={Ferrante, Eliseo and Turgut, Ali Emre and Du{\'e}{\~n}ez-Guzm{\'a}n, Edgar and Dorigo, Marco and Wenseleers, Tom},
  journal={PLoS Comput Biol},
  volume={11},
  number={8},
  pages={e1004273},
  year={2015},
  publisher={Public Library of Science}
}

@article{nitschke:SEC:2012,
  title={Evolving behavioral specialization in robot teams to solve a collective construction task},
  author={Nitschke, Geoff S and Schut, Martijn C and Eiben, AE},
  journal={Swarm and Evolutionary Computation},
  volume={2},
  pages={25--38},
  year={2012},
  publisher={Elsevier}
}

@article{li:AB:2004,
  title={Learning and measuring specialization in collaborative swarm systems},
  author={Li, Ling and Martinoli, Alcherio and Abu-Mostafa, Yaser S},
  journal={Adaptive Behavior},
  volume={12},
  number={3-4},
  pages={199--212},
  year={2004},
  publisher={Sage Publications Sage CA: Thousand Oaks, CA}
}

@article{odonnell:BES:1990,
  title={Forager specialization and the control of nest repair in Polybia occidentalis Olivier (Hymenoptera: Vespidae)},
  author={O'Donnell, Sean and Jeanne, Robert L},
  journal={Behavioral Ecology and Sociobiology},
  volume={27},
  number={5},
  pages={359--364},
  year={1990},
  publisher={Springer}
}

@article{gautrais:JTB:2002,
  title={Emergent polyethism as a consequence of increased colony size in insect societies},
  author={Gautrais, Jacques and Theraulaz, Guy and Deneubourg, Jean-Louis and Anderson, Carl},
  journal={Journal of theoretical biology},
  volume={215},
  number={3},
  pages={363--373},
  year={2002},
  publisher={Elsevier}
}

@article{pini:SI:2011,
  title={Task partitioning in swarms of robots: An adaptive method for strategy selection},
  author={Pini, Giovanni and Brutschy, Arne and Frison, Marco and Roli, Andrea and Dorigo, Marco and Birattari, Mauro},
  journal={Swarm Intelligence},
  volume={5},
  number={3-4},
  pages={283--304},
  year={2011},
  publisher={Springer}
}

@article{gigliotta:Neurocomputing:2018,
  title={Equal but different: Task allocation in homogeneous communicating robots},
  author={Gigliotta, Onofrio},
  journal={Neurocomputing},
  volume={272},
  pages={3--9},
  year={2018},
  publisher={Elsevier}
}