@article{ferrante:PLOS_CB:2015,
  title={Evolution of self-organized task specialization in robot swarms},
  author={Ferrante, Eliseo and Turgut, Ali Emre and Du{\'e}{\~n}ez-Guzm{\'a}n, Edgar and Dorigo, Marco and Wenseleers, Tom},
  journal={PLoS computational biology},
  volume={11},
  number={8},
  pages={e1004273},
  year={2015},
  publisher={Public Library of Science}
}

@inproceedings{ferrante:GEC:2013,
  title={GESwarm: Grammatical evolution for the automatic synthesis of collective behaviors in swarm robotics},
  author={Ferrante, Eliseo and Du{\'e}{\~n}ez-Guzm{\'a}n, Edgar and Turgut, Ali Emre and Wenseleers, Tom},
  booktitle={Proceedings of the 15th annual conference on Genetic and evolutionary computation},
  pages={17--24},
  year={2013},
  organization={ACM}
}

@article{francesca:SI:2014,
  title={AutoMoDe: A novel approach to the automatic design of control software for robot swarms},
  author={Francesca, Gianpiero and Brambilla, Manuele and Brutschy, Arne and Trianni, Vito and Birattari, Mauro},
  journal={Swarm Intelligence},
  volume={8},
  number={2},
  pages={89--112},
  year={2014},
  publisher={Springer}
}

@article{francesca:SI:2015,
  title={AutoMoDe-Chocolate: automatic design of control software for robot swarms},
  author={Francesca, Gianpiero and Brambilla, Manuele and Brutschy, Arne and Garattoni, Lorenzo and Miletitch, Roman and Podevijn, Ga{\"e}tan and Reina, Andreagiovanni and Soleymani, Touraj and Salvaro, Mattia and Pinciroli, Carlo and others},
  journal={Swarm Intelligence},
  volume={9},
  number={2-3},
  pages={125--152},
  year={2015},
  publisher={Springer}
}

@book{trianni:SCI:2008,
  title={Evolutionary swarm robotics: evolving self-organising behaviours in groups of autonomous robots},
  author={Trianni, Vito},
  volume={108},
  year={2008},
  publisher={Springer}
}

@book{nolfi:MIT:2000,
  title={Evolutionary robotics: The biology, intelligence, and technology of self-organizing machines},
  author={Nolfi, Stefano and Floreano, Dario and Floreano, Director Dario},
  year={2000},
  publisher={MIT press}
}

@article{pinciroli:SI:2012,
  title={ARGoS: a modular, parallel, multi-engine simulator for multi-robot systems},
  author={Pinciroli, Carlo and Trianni, Vito and Oâ€™Grady, Rehan and Pini, Giovanni and Brutschy, Arne and Brambilla, Manuele and Mathews, Nithin and Ferrante, Eliseo and Di Caro, Gianni and Ducatelle, Frederick and others},
  journal={Swarm intelligence},
  volume={6},
  number={4},
  pages={271--295},
  year={2012},
  publisher={Springer}
}

@inproceedings{fenton:GECCC:2017,
  title={Ponyge2: Grammatical evolution in python},
  author={Fenton, Michael and McDermott, James and Fagan, David and Forstenlechner, Stefan and Hemberg, Erik and O'Neill, Michael},
  booktitle={Proceedings of the Genetic and Evolutionary Computation Conference Companion},
  pages={1194--1201},
  year={2017},
  organization={ACM}
}

@article{oneill:IEEETEC:2001,
  title={Grammatical evolution},
  author={O'Neill, Michael and Ryan, Conor},
  journal={IEEE Transactions on Evolutionary Computation},
  volume={5},
  number={4},
  pages={349--358},
  year={2001},
  publisher={IEEE}
}

@inproceedings{ericksen:SSCI:2017,
  title={Automatically evolving a general controller for robot swarms},
  author={Ericksen, John and Moses, Melanie and Forrest, Stephanie},
  booktitle={2017 IEEE Symposium Series on Computational Intelligence (SSCI)},
  pages={1--8},
  year={2017},
  organization={IEEE}
}

@inproceedings{csahin:IWSS:2004,
  title={Swarm robotics: From sources of inspiration to domains of application},
  author={{\c{S}}ahin, Erol},
  booktitle={International workshop on swarm robotics},
  pages={10--20},
  year={2004},
  organization={Springer}
}

@article{brambilla:SI:2013,
  title={Swarm robotics: a review from the swarm engineering perspective},
  author={Brambilla, Manuele and Ferrante, Eliseo and Birattari, Mauro and Dorigo, Marco},
  journal={Swarm Intelligence},
  volume={7},
  number={1},
  pages={1--41},
  year={2013},
  publisher={Springer}
}


